<record><leader>00000cas a22000007a 4500</leader><controlfield tag="001">17375086</controlfield><controlfield tag="008">880122d18uu18uumsucr ne      0    0eng d</controlfield><datafield ind1=" " ind2=" " tag="010"><subfield code="a">sn 88067113 </subfield></datafield><datafield ind1=" " ind2=" " tag="040"><subfield code="a">MFM</subfield><subfield code="b">eng</subfield><subfield code="c">MFM</subfield><subfield code="d">MSJ</subfield><subfield code="d">OCLCQ</subfield></datafield><datafield ind1=" " ind2=" " tag="042"><subfield code="a">msc</subfield></datafield><datafield ind1="0" ind2=" " tag="130"><subfield code="a">National star (Goodman, Miss.)</subfield></datafield><datafield ind1="1" ind2="4" tag="245"><subfield code="a">The National star.</subfield></datafield><datafield ind1=" " ind2=" " tag="260"><subfield code="a">Goodman, Miss. :</subfield><subfield code="b">G.P.M. Turner</subfield></datafield><datafield ind1=" " ind2=" " tag="310"><subfield code="a">Semiweekly</subfield></datafield><datafield ind1=" " ind2=" " tag="588"><subfield code="a">Description based on: Vol. 1, no. 14 (Dec. 5, 1866).</subfield></datafield><datafield ind1=" " ind2=" " tag="752"><subfield code="a">United States</subfield><subfield code="b">Mississippi</subfield><subfield code="c">Holmes</subfield><subfield code="d">Goodman.</subfield></datafield></record>